<collection xmlns="http://www.loc.gov/MARC21/slim">
   <record>
      <leader>06730cam a2200601 i 4500</leader>
      <controlfield tag="001">6815316</controlfield>
      <controlfield tag="003">OCoLC</controlfield>
      <controlfield tag="005">20150210153357.0</controlfield>
      <controlfield tag="008">140625t20152015mdu      b    001 0 eng  </controlfield>
      <datafield ind1=" " ind2=" " tag="010">
         <subfield code="a">  2014011205</subfield>
      </datafield>
      <datafield ind1=" " ind2=" " tag="015">
         <subfield code="a">GBB4D3763</subfield>
         <subfield code="2">bnb</subfield>
      </datafield>
      <datafield ind1="7" ind2=" " tag="016">
         <subfield code="a">016954937</subfield>
         <subfield code="2">Uk</subfield>
      </datafield>
      <datafield ind1=" " ind2=" " tag="020">
         <subfield code="a">9781421414355</subfield>
         <subfield code="q">hardcover</subfield>
      </datafield>
      <datafield ind1=" " ind2=" " tag="020">
         <subfield code="a">142141435X</subfield>
         <subfield code="q">hardcover</subfield>
      </datafield>
      <datafield ind1=" " ind2=" " tag="020">
         <subfield code="z">9781421414362</subfield>
         <subfield code="q">electronic bk.</subfield>
      </datafield>
      <datafield ind1=" " ind2=" " tag="020">
         <subfield code="z">1421414368</subfield>
         <subfield code="q">electronic bk.</subfield>
      </datafield>
      <datafield ind1=" " ind2=" " tag="035">
         <subfield code="a">ocn879584120</subfield>
      </datafield>
      <datafield ind1=" " ind2=" " tag="040">
         <subfield code="a">DLC</subfield>
         <subfield code="e">rda</subfield>
         <subfield code="b">eng</subfield>
         <subfield code="c">DLC</subfield>
         <subfield code="d">YDX</subfield>
         <subfield code="d">YDXCP</subfield>
         <subfield code="d">BTCTA</subfield>
         <subfield code="d">BDX</subfield>
         <subfield code="d">OCLCF</subfield>
         <subfield code="d">OCLCO</subfield>
         <subfield code="d">CDX</subfield>
         <subfield code="d">UKMGB</subfield>
         <subfield code="d">TOH</subfield>
         <subfield code="d">UAB</subfield>
         <subfield code="d">AEU</subfield>
      </datafield>
      <datafield ind1=" " ind2=" " tag="042">
         <subfield code="a">pcc</subfield>
      </datafield>
      <datafield ind1=" " ind2=" " tag="043">
         <subfield code="a">e------</subfield>
         <subfield code="a">s-bl---</subfield>
      </datafield>
      <datafield ind1="0" ind2="0" tag="050">
         <subfield code="a">PN3499</subfield>
         <subfield code="b">.W45 2015</subfield>
      </datafield>
      <datafield ind1="0" ind2="0" tag="082">
         <subfield code="a">809.3/9355</subfield>
         <subfield code="2">23</subfield>
      </datafield>
      <datafield ind1=" " ind2=" " tag="084">
         <subfield code="a">LIT004130</subfield>
         <subfield code="a">LIT006000</subfield>
         <subfield code="2">bisacsh</subfield>
      </datafield>
      <datafield ind1=" " ind2=" " tag="090">
         <subfield code="a">PN 3499 W454 2015</subfield>
         <subfield code="b">AEU</subfield>
      </datafield>
      <datafield ind1="1" ind2=" " tag="100">
         <subfield code="a">Welge, Jobst,</subfield>
         <subfield code="d">1969-</subfield>
         <subfield code="e">author.</subfield>
         <subfield code="0">http://id.loc.gov/authorities/names/n2014037296</subfield>
         <subfield code="0">http://viaf.org/viaf/15943924</subfield>
      </datafield>
      <datafield ind1="1" ind2="0" tag="245">
         <subfield code="a">Genealogical fictions :</subfield>
         <subfield code="b">cultural periphery and historical change in the modern novel /</subfield>
         <subfield code="c">Jobst Welge.</subfield>
      </datafield>
      <datafield ind1="3" ind2="0" tag="246">
         <subfield code="a">Cultural periphery and historical change in the modern novel</subfield>
      </datafield>
      <datafield ind1="3" ind2="0" tag="246">
         <subfield code="a">Historical change in the modern novel</subfield>
      </datafield>
      <datafield ind1=" " ind2="1" tag="264">
         <subfield code="a">Baltimore, Maryland :</subfield>
         <subfield code="b">Johns Hopkins University Press ,</subfield>
         <subfield code="c">2015.</subfield>
      </datafield>
      <datafield ind1=" " ind2="4" tag="264">
         <subfield code="c">©2015</subfield>
      </datafield>
      <datafield ind1=" " ind2=" " tag="300">
         <subfield code="a">x, 254 pages ;</subfield>
         <subfield code="c">24 cm</subfield>
      </datafield>
      <datafield ind1=" " ind2=" " tag="336">
         <subfield code="a">text</subfield>
         <subfield code="2">rdacontent</subfield>
         <subfield code="0">http://id.loc.gov/vocabulary/contentTypes/txt</subfield>
      </datafield>
      <datafield ind1=" " ind2=" " tag="337">
         <subfield code="a">unmediated</subfield>
         <subfield code="2">rdamedia</subfield>
         <subfield code="0">http://id.loc.gov/vocabulary/mediaTypes/n</subfield>
      </datafield>
      <datafield ind1=" " ind2=" " tag="338">
         <subfield code="a">volume</subfield>
         <subfield code="2">rdacarrier</subfield>
         <subfield code="0">http://id.loc.gov/vocabulary/carriers/nc</subfield>
      </datafield>
      <datafield ind1=" " ind2=" " tag="504">
         <subfield code="a">Includes bibliographical references and index.</subfield>
      </datafield>
      <datafield ind1="0" ind2=" " tag="505">
         <subfield code="a">Introduction -- Periphery and Genealogy in the Novel of the Celtic Fringe -- Progress and Pessimism in the Sicilian Family Novel -- National and Genealogical Crisis in Spain -- Nature, Nation, and De-/Regeneration in the Regional Novels of Emilia Pardo Bazan -- The Novel of Portuguese Decline: Dissolution and Disillusion in Eca de Queiros' Os Maias -- Machado de Assis' Esau e Jaco and the Problem of Historical Representation -- The Last of the Line: Regional Genealogies/Geographies -- Death of a Prince, Birth of a Nation: G. Tomasi di Lampedusa's Il Gattopardo -- Epilogue: The Perspective from the End.</subfield>
      </datafield>
      <datafield ind1=" " ind2=" " tag="520">
         <subfield code="a">"Taking its cue from recent theories of literary geography and fiction, Genealogical Fictions argues that narratives of familial decline shape the history of the modern novel, as well as the novel's relationship to history. Stories of families in crisis, Jobst Welge argues, reflect the experience of historical and social change in regions or nations perceived as "peripheral." Though geographically and temporally diverse, the novels Welge considers all demonstrate a relation among family and national history, genealogical succession, and generational experience, along with social change and modernization. Welge's wide-ranging comparative study focuses on the novels of the late nineteenth century, but it also includes detailed analyses of the pre-Victorian origin of the genealogical-historical novel and the evolution of similar themes in twentieth-century literature. Moving through time, he uncovers often-unsuspected novelistic continuities and international transformations and echoes, from Maria Edgeworth's Castle Rackrent, published in 1800, to G. Tomasi di Lampedusa's 1958 book Il Gattopardo.By revealing the "family resemblance" of novels from Great Britain, Italy, Spain, Portugal, and Brazil, this volume shows how genealogical narratives take on special significance in contexts of cultural periphery. Welge links private and public histories, while simultaneously integrating detailed accounts of various literary fields across the globe. In combining theories of the novel, recent discussions of cultural geography, and new approaches to genealogical narratives, Genealogical Fictions addresses a significant part of European and Latin American literary history in which texts from different national cultures illuminate each other in unsuspected ways and reveal the repetition, as well as the variation, among them. This book should be of interest to students and scholars of comparative literature, world literature, and the history and theory of the modern novel"--</subfield>
         <subfield code="c">Provided by publisher.</subfield>
      </datafield>
      <datafield ind1=" " ind2=" " tag="520">
         <subfield code="a">"In this truly comparative study of 19th and 20th-century literature, Jobst Welge argues that there is a "deep structure" to certain novels of this period that centers on the idea of genealogy and family history. Welge examines British, Italian, Spanish, Portuguese, and Brazilian novels that share a "genealogical narrative" featuring stories of familial decline. Stories of families in crisis, Welge argues, reflect the experience of historical and social change among groups at the periphery of society. Though geographically and temporally diverse, the novels Welge considers all demonstrate a relation among family and national history, genealogical succession, generational experience, as well as social change and modernization. Welge links private and public histories, and also integrates detailed accounts of various literary fields across the globe. In combining theories of the novel, recent discussions of cultural geography, and new approaches to genealogical narratives, this study addresses a significant part of European (and, partly, Latin American) literary history in which texts from different "national" cultures illuminate each other in unsuspected ways and reveal the repetition, as well as the variation, among them"--</subfield>
         <subfield code="c">Provided by publisher.</subfield>
      </datafield>
      <datafield ind1=" " ind2=" " tag="596">
         <subfield code="a">43</subfield>
      </datafield>
      <datafield ind1=" " ind2="0" tag="650">
         <subfield code="a">European fiction</subfield>
         <subfield code="y">19th century</subfield>
         <subfield code="x">History and criticism.</subfield>
         <subfield code="0">http://id.loc.gov/authorities/subjects/sh2008103356</subfield>
      </datafield>
      <datafield ind1=" " ind2="0" tag="650">
         <subfield code="a">European fiction</subfield>
         <subfield code="y">20th century</subfield>
         <subfield code="x">History and criticism.</subfield>
         <subfield code="0">http://id.loc.gov/authorities/subjects/sh2008103357</subfield>
      </datafield>
      <datafield ind1=" " ind2="0" tag="650">
         <subfield code="a">Brazilian fiction</subfield>
         <subfield code="y">19th century</subfield>
         <subfield code="x">History and criticism.</subfield>
         <subfield code="0">http://id.loc.gov/authorities/subjects/sh2009117541</subfield>
      </datafield>
      <datafield ind1=" " ind2="0" tag="650">
         <subfield code="a">Brazilian fiction</subfield>
         <subfield code="y">20th century</subfield>
         <subfield code="x">History and criticism.</subfield>
         <subfield code="0">http://id.loc.gov/authorities/subjects/sh2007102137</subfield>
      </datafield>
      <datafield ind1=" " ind2="0" tag="650">
         <subfield code="a">Families in literature.</subfield>
         <subfield code="0">http://id.loc.gov/authorities/subjects/sh85047051</subfield>
      </datafield>
      <datafield ind1=" " ind2="0" tag="650">
         <subfield code="a">Social change in literature.</subfield>
         <subfield code="0">http://id.loc.gov/authorities/subjects/sh94008623</subfield>
      </datafield>
      <datafield ind1=" " ind2="0" tag="650">
         <subfield code="a">Social change</subfield>
         <subfield code="z">Europe.</subfield>
      </datafield>
      <datafield ind1=" " ind2="0" tag="650">
         <subfield code="a">Social change</subfield>
         <subfield code="z">Brazil.</subfield>
      </datafield>
      <datafield ind1=" " ind2="0" tag="650">
         <subfield code="a">Genealogy</subfield>
         <subfield code="x">Social aspects.</subfield>
      </datafield>
      <datafield ind1=" " ind2="0" tag="650">
         <subfield code="a">Literature and history.</subfield>
         <subfield code="0">http://id.loc.gov/authorities/subjects/sh85077565</subfield>
      </datafield>
      <datafield ind1=" " ind2=" " tag="758">
         <subfield code="0">http://worldcat.org/entity/work/id/23904258</subfield>
      </datafield>
      <datafield ind1="0" ind2=" " tag="787">
         <subfield code="n">OCLC Work Id</subfield>
         <subfield code="o">http://worldcat.org/entity/work/id/23904258</subfield>
      </datafield>
      <datafield ind1=" " ind2=" " tag="949">
         <subfield code="a">PN 3499 W454 2015</subfield>
         <subfield code="h">UAHS-B</subfield>
         <subfield code="i">0162035248697</subfield>
      </datafield>
      <datafield ind1=" " ind2=" " tag="926">
         <subfield code="a">PN 3499 W454 2015</subfield>
         <subfield code="w">LC</subfield>
         <subfield code="c">1</subfield>
         <subfield code="i">0162035248697</subfield>
         <subfield code="d">4/23/2015</subfield>
         <subfield code="e">4/23/2015</subfield>
         <subfield code="l">ON_SHELF</subfield>
         <subfield code="m">UAHSS</subfield>
         <subfield code="n">2</subfield>
         <subfield code="p">$150.00</subfield>
         <subfield code="r">Y</subfield>
         <subfield code="s">Y</subfield>
         <subfield code="t">BOOK</subfield>
         <subfield code="u">3/4/2015</subfield>
      </datafield>
   </record>
</collection>
